@book{gray2020,
  title     = {Gray's Anatomy: The Anatomical Basis of Clinical Practice},
  editor    = {Susan Standring},
  year      = {2020},
  edition   = {42nd},
  publisher = {Elsevier},
  address   = {London},
  isbn = {9780702077067}
}
@book{moore2023,
  title     = {Clinically Oriented Anatomy},
  author    = {Keith L. Moore and Arthur F. Dalley and Anne M. R. Agur},
  year      = {2023},
  edition   = {9th},
  publisher = {Wolters Kluwer},
  address   = {Philadelphia},
  isbn = {9781975154066}
}